@inproceedings{v2014limbo,
  title={LIMBO: a tool for modeling variable load intensities},
  author={v. Kistowski, J{\'o}akim and Herbst, Nikolas and Kounev, Samuel},
  booktitle={Proceedings of the 5th ACM/SPEC international conference on Performance engineering},
  pages={225--226},
  year={2014}
}

@article{rabiner1986introduction,
  title={An introduction to hidden Markov models},
  author={Rabiner, Lawrence R and Juang, Biing-Hwang},
  journal={ieee assp magazine},
  volume={3},
  number={1},
  pages={4--16},
  year={1986},
  publisher={Citeseer}
}

@article{baum1972inequality,
  title={An inequality and associated maximization technique in statistical estimation of probabilistic functions of a Markov process},
  author={Baum, Leonard},
  journal={Inequalities},
  volume={3},
  pages={1--8},
  year={1972}
}

@misc{weiss2019hmmlearn,
  title={hmmlearn 0.2.2},
  author={Weiss, R and Du, S and Grobler, J and Lebedev, S and Varoquaux, G},
  year={2019},
  howpublished = {\url{https://github.com/hmmlearn/hmmlearn}},
}

@misc{spark,
  author = {{Apache Software Foundation}},
  title = {Apache Spark},
  url = {https://spark.apache.org},
  version = {2.4.3},
  year = {2019},
}

@article{meng2016mllib,
  title={Mllib: Machine learning in apache spark},
  author={Meng, Xiangrui and Bradley, Joseph and Yavuz, Burak and Sparks, Evan and Venkataraman, Shivaram and Liu, Davies and Freeman, Jeremy and Tsai, DB and Amde, Manish and Owen, Sean and others},
  journal={The Journal of Machine Learning Research},
  volume={17},
  number={1},
  pages={1235--1241},
  year={2016},
  publisher={JMLR.org}
}

@article{kang2019gratis,
  title={GRATIS: GeneRAting TIme Series with diverse and controllable characteristics},
  author={Kang, Yanfei and Hyndman, Rob J and Li, Feng},
  journal={arXiv preprint arXiv:1903.02787},
  year={2019}
}

@inproceedings{inproceedings,
author = {Podolskiy, Vladimir and Jindal, Anshul and Gerndt, Michael and Oleynik, Yury},
year = {2018},
month = {09},
pages = {},
title = {Forecasting Models for Self-Adaptive Cloud Applications: A Comparative Study},
doi = {10.1109/SASO.2018.00015}
}

@book{huang2001spoken,
  title={Spoken language processing: A guide to theory, algorithm, and system development},
  author={Huang, Xuedong and Acero, Alex and Hon, Hsiao-Wuen and Foreword By-Reddy, Raj},
  year={2001},
  publisher={Prentice hall PTR}
}

@misc{miningmassivedatasets,
  author        = {Stephan Günnemann},
  title         = {Lecture slides Mining Massive Datasets},
  month         = {April},
  year          = {2019},
  publisher     = {Technical University Munich}
}

@misc{mllecture,
  author        = {Stephan Günnemann},
  title         = {Lecture slides Machine Learning},
  month         = {October},
  year          = {2018},
  publisher     = {Technical University Munich}
}

@article{pedregosa2011scikit,
  title={Scikit-learn: Machine learning in Python},
  author={Pedregosa, Fabian and Varoquaux, Ga{\"e}l and Gramfort, Alexandre and Michel, Vincent and Thirion, Bertrand and Grisel, Olivier and Blondel, Mathieu and Prettenhofer, Peter and Weiss, Ron and Dubourg, Vincent and others},
  journal={Journal of machine learning research},
  volume={12},
  number={Oct},
  pages={2825--2830},
  year={2011}
}

@book{golyandina2013singular,
  title={Singular Spectrum Analysis for time series},
  author={Golyandina, Nina and Zhigljavsky, Anatoly},
  year={2013},
  publisher={Springer Science \& Business Media}
}

@article{golyandina2014basic,
  title={Basic singular spectrum analysis and forecasting with R},
  author={Golyandina, Nina and Korobeynikov, Anton},
  journal={Computational Statistics \& Data Analysis},
  volume={71},
  pages={934--954},
  year={2014},
  publisher={Elsevier}
}

@article{gauvain1994maximum,
  title={Maximum a posteriori estimation for multivariate Gaussian mixture observations of Markov chains},
  author={Gauvain, J-L and Lee, Chin-Hui},
  journal={IEEE transactions on speech and audio processing},
  volume={2},
  number={2},
  pages={291--298},
  year={1994},
  publisher={IEEE}
}

@article{zaharia2016apache,
  title={Apache spark: a unified engine for big data processing},
  author={Zaharia, Matei and Xin, Reynold S and Wendell, Patrick and Das, Tathagata and Armbrust, Michael and Dave, Ankur and Meng, Xiangrui and Rosen, Josh and Venkataraman, Shivaram and Franklin, Michael J and others},
  journal={Communications of the ACM},
  volume={59},
  number={11},
  pages={56--65},
  year={2016},
  publisher={ACM New York, NY, USA}
}

@online{rddguide,
  author = {Apache},
  title = {RDD Programming Guide},
  url = {https://spark.apache.org/docs/latest/rdd-programming-guide.html}
}

@online{pyspark,
  author = {Apache},
  title = {Spark Python API Docs},
  url = {https://spark.apache.org/docs/latest/api/python/index.html}
}

@online{tsgenerator,
  author = {Till Krischer},
  title = {ts-generator},
  url = {https://github.com/tillkrischer/ts-generator}
}

@online{sparkhmm,
  author = {Till Krischer},
  title = {spark-hmm},
  url = {https://github.com/tillkrischer/spark-hmm}
}

@online{flinkpiestim,
  author = {Till Krischer},
  title = {flink-pi-estimation},
  url = {https://github.com/tillkrischer/flink-pi-estimation}
}

@online{flinktest,
  author = {Till Krischer},
  title = {flink-test},
  url = {https://github.com/tillkrischer/flink-test}
}

@article{carbone2015apache,
  title={Apache flink: Stream and batch processing in a single engine},
  author={Carbone, Paris and Katsifodimos, Asterios and Ewen, Stephan and Markl, Volker and Haridi, Seif and Tzoumas, Kostas},
  journal={Bulletin of the IEEE Computer Society Technical Committee on Data Engineering},
  volume={36},
  number={4},
  year={2015},
  publisher={IEEE Computer Society}
}
@online{wikipedia,
  author = {Wikimedia},
  title = {Wikimedia Statistics},
  url = {https://stats.wikimedia.org}
}

@online{flinkrest,
  author = {Apache},
  title = {Monitoring REST API},
  url = {https://ci.apache.org/projects/flink/flink-docs-stable/monitoring/rest_api.html}
}

@online{flinkdocker,
  author = {Apache},
  title = {Docker Setup},
  url = {https://ci.apache.org/projects/flink/flink-docs-stable/ops/deployment/docker.html}
}